﻿@article{RN1271,
author = {Nicolaides, Cleanthes A and Gotsis, HJ and Chrysos, M and Komninos, Yannis},
title = {Resonances and exterior complex scaling},
journal = {Chemical Physics Letters},
volume = {168},
number = {6},
pages = {570-574},
ISSN = {0009-2614},
year = {1990},
type = {Journal Article}
}

@article{RN1273,
author = {Connor, JNL and Smith, AD},
title = {Quantum complex rotation and uniform semiclassical calculations of complex energy eigenvalues},
journal = {The Journal of Chemical Physics},
volume = {78},
number = {10},
pages = {6161-6172},
ISSN = {0021-9606},
year = {1983},
type = {Journal Article}
}

@article{RN1793,
author = {Feshbach, Herman},
title = {Unified theory of nuclear reactions},
journal = {Annals of Physics},
volume = {5},
number = {4},
pages = {357-390},
ISSN = {0003-4916},
year = {1958},
type = {Journal Article}
}

@article{RN417,
author = {Fano, U.},
title = {Effects of Configuration Interaction on Intensities and Phase Shifts},
journal = {Physical Review},
volume = {124},
pages = {1866-1878},
year = {1961},
type = {Journal Article}
}


@article{RN38,
author = {Chin, Cheng and Grimm, Rudolf and Julienne, Paul and Tiesinga, Eite},
title = {Feshbach resonances in ultracold gases},
journal = {Reviews of Modern Physics},
volume = {82},
number = {2},
pages = {1225-1286},
ISSN = {0034-6861
1539-0756},
year = {2010},
type = {Journal Article}
}



@article{RN2608,
   author = {Vittorini-Orgeas, Alessandra and Bianconi, Antonio},
   title = {From Majorana Theory of Atomic Autoionization to Feshbach Resonances in High Temperature Superconductors},
   journal = {Journal of Superconductivity and Novel Magnetism},
   volume = {22},
   number = {3},
   pages = {215-221},
   ISSN = {1557-1947},
   year = {2009},
   type = {Journal Article}
}

